@Comment А вот так оформляется библиография при помощи BibTeX.

@Book{klebanov,
  author =		 {Б.И. Клебанов},
  title = 		 {Комплекс лабораторных работ по платформе визуальной аналитики QLIK},
  publisher = 	 {г. Екатеринбург},
  year = 		 {2016},
  language =     "russian"
}

